@article{Zapun2008,
    title = {The different shapes of cocci},
    volume = {32},
    ISSN = {1574-6976},
    url = {http://dx.doi.org/10.1111/j.1574-6976.2007.00098.x},
    DOI = {10.1111/j.1574-6976.2007.00098.x},
    number = {2},
    journal = {FEMS Microbiology Reviews},
    publisher = {Oxford University Press (OUP)},
    author = {Zapun, André and Vernet, Thierry and Pinho, Mariana G.},
    year = {2008},
    month = mar,
    pages = {345–360},
}

@article{Young2006,
    title = {The Selective Value of Bacterial Shape},
    volume = {70},
    ISSN = {1098-5557},
    url = {http://dx.doi.org/10.1128/mmbr.00001-06},
    DOI = {10.1128/mmbr.00001-06},
    number = {3},
    journal = {Microbiology and Molecular Biology Reviews},
    publisher = {American Society for Microbiology},
    author = {Young, Kevin D.},
    year = {2006},
    month = sep,
    pages = {660–703},
}

@article{Billaudeau2017,
    title = {Contrasting mechanisms of growth in two model rod-shaped bacteria},
    volume = {8},
    ISSN = {2041-1723},
    url = {http://dx.doi.org/10.1038/ncomms15370},
    DOI = {10.1038/ncomms15370},
    number = {1},
    journal = {Nature Communications},
    publisher = {Springer Science and Business Media LLC},
    author = {Billaudeau, Cyrille and Chastanet, Arnaud and Yao, Zhizhong and
              Cornilleau, Charlène and Mirouze, Nicolas and Fromion, Vincent and
              Carballido-López, Rut},
    year = {2017},
    month = jun,
}

@misc{https://doi.org/10.48550/arxiv.1506.01497,
    doi = {10.48550/ARXIV.1506.01497},
    url = {https://arxiv.org/abs/1506.01497},
    author = {Ren, Shaoqing and He, Kaiming and Girshick, Ross and Sun, Jian},
    keywords = {Computer Vision and Pattern Recognition (cs.CV), FOS: Computer
                and information sciences, FOS: Computer and information sciences},
    title = {Faster R-CNN: Towards Real-Time Object Detection with Region
             Proposal Networks},
    publisher = {arXiv},
    year = {2015},
    copyright = {arXiv.org perpetual, non-exclusive license},
}

@article{Sullivan2019,
    title = {PyVista: 3D plotting and mesh analysis through a streamlined
             interface for the Visualization Toolkit (VTK)},
    volume = {4},
    ISSN = {2475-9066},
    url = {http://dx.doi.org/10.21105/joss.01450},
    DOI = {10.21105/joss.01450},
    number = {37},
    journal = {Journal of Open Source Software},
    publisher = {The Open Journal},
    author = {Sullivan, C. and Kaszynski, Alexander},
    year = {2019},
    month = may,
    pages = {1450},
}

@misc{Pleyer_cellular_raza_2023,
    author = {Pleyer, Jonas},
    license = {GPL-2.0},
    month = dec,
    title = {{cellular\_raza}},
    url = {https://github.com/jonaspleyer/cellular_raza},
    version = {0.1.0},
    year = {2023},
}

@article{Cutler2022,
    title = {Omnipose: a high-precision morphology-independent solution for
             bacterial cell segmentation},
    volume = {19},
    ISSN = {1548-7105},
    url = {http://dx.doi.org/10.1038/s41592-022-01639-4},
    DOI = {10.1038/s41592-022-01639-4},
    number = {11},
    journal = {Nature Methods},
    publisher = {Springer Science and Business Media LLC},
    author = {Cutler, Kevin J. and Stringer, Carsen and Lo, Teresa W. and Rappez
              , Luca and Stroustrup, Nicholas and Brook Peterson, S. and Wiggins,
              Paul A. and Mougous, Joseph D.},
    year = {2022},
    month = oct,
    pages = {1438–1448},
}

@article{Stringer2020,
    title = {Cellpose: a generalist algorithm for cellular segmentation},
    volume = {18},
    ISSN = {1548-7105},
    url = {http://dx.doi.org/10.1038/s41592-020-01018-x},
    DOI = {10.1038/s41592-020-01018-x},
    number = {1},
    journal = {Nature Methods},
    publisher = {Springer Science and Business Media LLC},
    author = {Stringer, Carsen and Wang, Tim and Michaelos, Michalis and
              Pachitariu, Marius},
    year = {2020},
    month = dec,
    pages = {100–106},
}

@article{Hardo2022,
    title = {Synthetic Micrographs of Bacteria (SyMBac) allows accurate
             segmentation of bacterial cells using deep neural networks},
    volume = {20},
    ISSN = {1741-7007},
    url = {http://dx.doi.org/10.1186/s12915-022-01453-6},
    DOI = {10.1186/s12915-022-01453-6},
    number = {1},
    journal = {BMC Biology},
    publisher = {Springer Science and Business Media LLC},
    author = {Hardo, Georgeos and Noka, Maximilian and Bakshi, Somenath},
    year = {2022},
    month = nov,
}

@online{WikimediaPicturesEColi,
    author = "Wikimedia Commons",
    title = "Category:Microscopic images of Escherichia coli",
    year = "2023",
    urlseen = "27-10-2024",
    url = "
           https://commons.wikimedia.org/wiki/Category:Microscopic_images_of_Escherichia_coli
           ",
}

@article{Lee1994,
    title = {Building Skeleton Models via 3-D Medial Surface Axis Thinning
             Algorithms},
    volume = {56},
    ISSN = {1049-9652},
    url = {http://dx.doi.org/10.1006/cgip.1994.1042},
    DOI = {10.1006/cgip.1994.1042},
    number = {6},
    journal = {CVGIP: Graphical Models and Image Processing},
    publisher = {Elsevier BV},
    author = {Lee, T.C. and Kashyap, R.L. and Chu, C.N.},
    year = {1994},
    month = nov,
    pages = {462–478},
}

@misc{wiki:Ramer–Douglas–Peucker_algorithm,
    author = "Wikipedia",
    title = "{Ramer–Douglas–Peucker algorithm} --- {W}ikipedia{,} The Free
             Encyclopedia",
    year = "2024",
    howpublished = {\url{http://en.wikipedia.org/w/index.php?title=Ramer\%E2\%80
                    \%93Douglas\%E2\%80\%93Peucker\%20algorithm&oldid=1240652384}
                    },
    note = "[Online; accessed 27-October-2024]",
}

@article{Knoll1932,
    title = {Beitrag zur geometrischen Elektronenoptik. I},
    volume = {404},
    ISSN = {1521-3889},
    url = {http://dx.doi.org/10.1002/andp.19324040506},
    DOI = {10.1002/andp.19324040506},
    number = {5},
    journal = {Annalen der Physik},
    publisher = {Wiley},
    author = {Knoll, M. and Ruska, E.},
    year = {1932},
    month = jan,
    pages = {607–640},
}

@article{vanderWalt2014,
    title = {scikit-image: image processing in Python},
    volume = {2},
    ISSN = {2167-8359},
    url = {http://dx.doi.org/10.7717/peerj.453},
    DOI = {10.7717/peerj.453},
    journal = {PeerJ},
    publisher = {PeerJ},
    author = {van der Walt, Stéfan and Sch\"{o}nberger, Johannes L. and
              Nunez-Iglesias, Juan and Boulogne, Fran\c{c}ois and Warner, Joshua
              D. and Yager, Neil and Gouillart, Emmanuelle and Yu, Tony},
    year = {2014},
    month = jun,
    pages = {e453},
}

@article{opencv_library,
    author = {Bradski, G.},
    citeulike-article-id = {2236121},
    journal = {Dr. Dobb's Journal of Software Tools},
    keywords = {bibtex-import},
    posted-at = {2008-01-15 19:21:54},
    priority = {4},
    title = {{The OpenCV Library}},
    year = {2000},
}

@article{Chatterjee1988,
    title = {Spatial dependence of stress distribution for rod-shaped bacteria},
    volume = {135},
    ISSN = {0022-5193},
    url = {http://dx.doi.org/10.1016/S0022-5193(88)80247-9},
    DOI = {10.1016/s0022-5193(88)80247-9},
    number = {3},
    journal = {Journal of Theoretical Biology},
    publisher = {Elsevier BV},
    author = {Chatterjee, Avik P. and Dasgupta, Anjan and Chatterjee, Anadi N.},
    year = {1988},
    month = dec,
    pages = {309–321},
}

@article{Ursell2014,
    title = {Rod-like bacterial shape is maintained by feedback between cell
             curvature and cytoskeletal localization},
    volume = {111},
    ISSN = {1091-6490},
    url = {http://dx.doi.org/10.1073/pnas.1317174111},
    DOI = {10.1073/pnas.1317174111},
    number = {11},
    journal = {Proceedings of the National Academy of Sciences},
    publisher = {Proceedings of the National Academy of Sciences},
    author = {Ursell, Tristan S. and Nguyen, Jeffrey and Monds, Russell D. and
              Colavin, Alexandre and Billings, Gabriel and Ouzounov, Nikolay and
              Gitai, Zemer and Shaevitz, Joshua W. and Huang, Kerwyn Casey},
    year = {2014},
    month = feb,
}


@article{Takeuchi2005,
    title = {Controlling the Shape of Filamentous Cells ofEscherichia coli},
    volume = {5},
    ISSN = {1530-6992},
    url = {http://dx.doi.org/10.1021/nl0507360},
    DOI = {10.1021/nl0507360},
    number = {9},
    journal = {Nano Letters},
    publisher = {American Chemical Society (ACS)},
    author = {Takeuchi, Shoji and DiLuzio, Willow R. and Weibel, Douglas B. and
              Whitesides, George M.},
    year = {2005},
    month = aug,
    pages = {1819–1823},
}


@article{Ursell2014,
    title = {Rod-like bacterial shape is maintained by feedback between cell
             curvature and cytoskeletal localization},
    volume = {111},
    ISSN = {1091-6490},
    url = {http://dx.doi.org/10.1073/pnas.1317174111},
    DOI = {10.1073/pnas.1317174111},
    number = {11},
    journal = {Proceedings of the National Academy of Sciences},
    publisher = {Proceedings of the National Academy of Sciences},
    author = {Ursell, Tristan S. and Nguyen, Jeffrey and Monds, Russell D. and
              Colavin, Alexandre and Billings, Gabriel and Ouzounov, Nikolay and
              Gitai, Zemer and Shaevitz, Joshua W. and Huang, Kerwyn Casey},
    year = {2014},
    month = feb,
}


@article{Amir2014_2,
    title = {Bending forces plastically deform growing bacterial cell walls},
    volume = {111},
    ISSN = {1091-6490},
    url = {http://dx.doi.org/10.1073/pnas.1317497111},
    DOI = {10.1073/pnas.1317497111},
    number = {16},
    journal = {Proceedings of the National Academy of Sciences},
    publisher = {Proceedings of the National Academy of Sciences},
    author = {Amir, Ariel and Babaeipour, Farinaz and McIntosh, Dustin B. and
              Nelson, David R. and Jun, Suckjoon},
    year = {2014},
    month = apr,
    pages = {5778–5783},
}


@article{Robert2014,
    title = {Division in Escherichia coliis triggered by a size-sensing rather
             than a timing mechanism},
    volume = {12},
    ISSN = {1741-7007},
    url = {http://dx.doi.org/10.1186/1741-7007-12-17},
    DOI = {10.1186/1741-7007-12-17},
    number = {1},
    journal = {BMC Biology},
    publisher = {Springer Science and Business Media LLC},
    author = {Robert, Lydia and Hoffmann, Marc and Krell, Nathalie and Aymerich,
              Stéphane and Robert, Jér\^ome and Doumic, Marie},
    year = {2014},
    month = feb,
}


@article{vanGestel2015,
    title = {From Cell Differentiation to Cell Collectives: Bacillus subtilis
             Uses Division of Labor to Migrate},
    volume = {13},
    ISSN = {1545-7885},
    url = {http://dx.doi.org/10.1371/journal.pbio.1002141},
    DOI = {10.1371/journal.pbio.1002141},
    number = {4},
    journal = {PLOS Biology},
    publisher = {Public Library of Science (PLoS)},
    author = {van Gestel, Jordi and Vlamakis, Hera and Kolter, Roberto},
    editor = {Laub, Michael T.},
    year = {2015},
    month = apr,
    pages = {e1002141},
}


@article{Lpez2010,
    title = {Extracellular signals that define distinct and coexisting cell
             fates inBacillus subtilis},
    volume = {34},
    ISSN = {1574-6976},
    url = {http://dx.doi.org/10.1111/j.1574-6976.2009.00199.x},
    DOI = {10.1111/j.1574-6976.2009.00199.x},
    number = {2},
    journal = {FEMS Microbiology Reviews},
    publisher = {Oxford University Press (OUP)},
    author = {López, Daniel and Kolter, Roberto},
    year = {2010},
    month = mar,
    pages = {134–149},
}


@article{Duvernoy2018,
    title = {Asymmetric adhesion of rod-shaped bacteria controls microcolony
             morphogenesis},
    volume = {9},
    ISSN = {2041-1723},
    url = {http://dx.doi.org/10.1038/s41467-018-03446-y},
    DOI = {10.1038/s41467-018-03446-y},
    number = {1},
    journal = {Nature Communications},
    publisher = {Springer Science and Business Media LLC},
    author = {Duvernoy, Marie-Cécilia and Mora, Thierry and Ardré, Maxime and
              Croquette, Vincent and Bensimon, David and Quilliet, Catherine and
              Ghigo, Jean-Marc and Balland, Martial and Beloin, Christophe and
              Lecuyer, Sigolène and Desprat, Nicolas},
    year = {2018},
    month = mar,
}


@article{Grant2014,
    title = {The role of mechanical forces in the planar-to-bulk transition in
             growing Escherichia coli microcolonies},
    volume = {11},
    ISSN = {1742-5662},
    url = {http://dx.doi.org/10.1098/rsif.2014.0400},
    DOI = {10.1098/rsif.2014.0400},
    number = {97},
    journal = {Journal of The Royal Society Interface},
    publisher = {The Royal Society},
    author = {Grant, Matthew A. A. and Wacław, Bartłomiej and Allen, Rosalind J.
              and Cicuta, Pietro},
    year = {2014},
    month = aug,
    pages = {20140400},
}


@article{Doumic2020,
    title = {A purely mechanical model with asymmetric features for early
             morphogenesis of rod-shaped bacteria micro-colony},
    volume = {17},
    ISSN = {1551-0018},
    url = {http://dx.doi.org/10.3934/mbe.2020356},
    DOI = {10.3934/mbe.2020356},
    number = {6},
    journal = {Mathematical Biosciences and Engineering},
    publisher = {American Institute of Mathematical Sciences (AIMS)},
    author = {Doumic, Marie and Hecht, Sophie and Peurichard, Diane},
    year = {2020},
    pages = {6873–6908},
}


@article{Verwey1947,
    title = {Theory of the Stability of Lyophobic Colloids.},
    volume = {51},
    ISSN = {1541-5740},
    url = {http://dx.doi.org/10.1021/j150453a001},
    DOI = {10.1021/j150453a001},
    number = {3},
    journal = {The Journal of Physical and Colloid Chemistry},
    publisher = {American Chemical Society (ACS)},
    author = {Verwey, E. J. W.},
    year = {1947},
    month = mar,
    pages = {631–636},
}


@article{Trejo2013,
    title = {Elasticity and wrinkled morphology of Bacillus subtilis pellicles},
    volume = {110},
    ISSN = {1091-6490},
    url = {http://dx.doi.org/10.1073/pnas.1217178110},
    DOI = {10.1073/pnas.1217178110},
    number = {6},
    journal = {Proceedings of the National Academy of Sciences},
    publisher = {Proceedings of the National Academy of Sciences},
    author = {Trejo, Miguel and Douarche, Carine and Bailleux, Virginie and
              Poulard, Christophe and Mariot, Sandrine and Regeard, Christophe
              and Raspaud, Eric},
    year = {2013},
    month = jan,
    pages = {2011–2016},
}


@article{Li2025,
    title = {biofilm expansion mediated by the interaction between
             matrix-producing cells formed “Van Gogh bundles” and other
             phenotypic cells},
    volume = {251},
    ISSN = {0927-7765},
    url = {http://dx.doi.org/10.1016/j.colsurfb.2025.114611},
    DOI = {10.1016/j.colsurfb.2025.114611},
    journal = {Colloids and Surfaces B: Biointerfaces},
    publisher = {Elsevier BV},
    author = {Li, Jin and Wang, Jiankun and Wu, Jin and Wang, Xiaoling},
    year = {2025},
    month = jul,
    pages = {114611},
}


@article{vanLoosdrecht1989,
    title = {Bacterial adhesion: A physicochemical approach},
    volume = {17},
    ISSN = {1432-184X},
    url = {http://dx.doi.org/10.1007/BF02025589},
    DOI = {10.1007/bf02025589},
    number = {1},
    journal = {Microbial Ecology},
    publisher = {Springer Science and Business Media LLC},
    author = {van Loosdrecht, Mark C. M. and Lyklema, Johannes and Norde, Willem
              and Zehnder, Alexander J. B.},
    year = {1989},
    month = jan,
    pages = {1–15},
}


@article{Koutsoumanis2013,
    title = {Stochasticity in Colonial Growth Dynamics of Individual Bacterial
             Cells},
    volume = {79},
    ISSN = {1098-5336},
    url = {http://dx.doi.org/10.1128/AEM.03629-12},
    DOI = {10.1128/aem.03629-12},
    number = {7},
    journal = {Applied and Environmental Microbiology},
    publisher = {American Society for Microbiology},
    author = {Koutsoumanis, Konstantinos P. and Lianou, Alexandra},
    year = {2013},
    month = apr,
    pages = {2294–2301},
}
