@article{Taylor2020ARTEMISAbInitioRestructuring,
    title = {{ARTEMIS: Ab initio restructuring tool enabling the modelling of interface structures}},
    year = {2020},
    journal = {Computer Physics Communications},
    author = {Taylor, Ned Thaddeus and Davies, Francis Huw and Rudkin, Isiah Edward Mikel and Price, Conor Jason and Chan, Tsz Hin and Hepplestone, Steven Paul},
    month = {12},
    pages = {107515},
    volume = {257},
    url = {https://linkinghub.elsevier.com/retrieve/pii/S0010465520302423},
    doi = {10.1016/j.cpc.2020.107515},
    issn = {00104655}
}
