 @misc{fink25,
  title        = {LongEval 2025 Web Retrieval Train Collection},
  doi          = {10.48436/th5h0-g5f51},
  abstractnote = {The collection comprises queries and documents sourced from the Qwant search engine. The user-issued queries focus on selected trending topics. Documents were chosen based on these queries using Qwant's click model, with additional randomly selected documents from Qwant's index. Data collection occurred from June 2022 to February 2023, resulting in 9,000 training queries and 18 million associated documents. Relevance assessments, derived from the Qwant click model, are provided for these queries. The collection includes the original French version of the webpages and queries. This dataset serves as the official training collection for the 2025 LongEval Information Retrieval Lab, organized at CLEF. Full info at https://clef-longeval.github.io/},
  publisher    = {TU Wien},
  author       = {Fink, Tobias and Piroi, Florina and Devaud, Romain and Galuščáková, Petra and Gonzalez-Saez, Gabriela and Iommi, David and Mulhem, Philippe and Goeuriot, Lorraine and Popel, Martin and El-Ebshihy, Alaa},
  year         = {2025},
  month        = {Feb}
}



@inproceedings{Galuscakova23,
  author    = {Petra Galusc{\'{a}}kov{\'{a}} and
               Romain Deveaud and
               Gabriela Gonz{\'{a}}lez S{\'{a}}ez and
               Philippe Mulhem and
               Lorraine Goeuriot and
               Florina Piroi and
               Martin Popel},
  editor    = {Hsin{-}Hsi Chen and
               Wei{-}Jou (Edward) Duh and
               Hen{-}Hsen Huang and
               Makoto P. Kato and
               Josiane Mothe and
               Barbara Poblete},
  title     = {LongEval-Retrieval: French-English Dynamic Test Collection for Continuous
               Web Search Evaluation},
  booktitle = {Proceedings of the 46th International {ACM} {SIGIR} Conference on
               Research and Development in Information Retrieval, {SIGIR} 2023, Taipei,
               Taiwan, July 23-27, 2023},
  pages     = {3086--3094},
  publisher = {{ACM}},
  year      = {2023},
  url       = {https://doi.org/10.1145/3539618.3591921},
  doi       = {10.1145/3539618.3591921},
  timestamp = {Sun, 19 Jan 2025 13:11:22 +0100}
}

